@article{casu,
title = {Numerical Simulation of 3D Quasi-Hydrostatic, Free-Surface Flows},
journal = {Journal of Hydraulic Engineering},
volume = {124},
number = {7},
pages = {678-686},
year = {1998},
doi = {10.1061/(ASCE)0733-9429(1998)124:7(678)},

URL = { 
        http://dx.doi.org/10.1061/(ASCE)0733-9429(1998)124:7(678)
    
},
eprint = { 
        http://dx.doi.org/10.1061/(ASCE)0733-9429(1998)124:7(678)
    
},
author ={Casulli, V. and Stelling, G.}
}

@inproceedings{meister11software,
  title={A Software Concept for Cache-Efficient Simulation on Dynamically Adaptive Structured Triangular Grids.},
  author={Meister, Oliver and Rahnema, Kaveh and Bader, Michael},
  booktitle={PARCO},
  pages={251--260},
  year={2011}
}



@mastersthesis{samfass14extension,
    author = {Samfaß, Philipp Johannes},
    institution = {Institut f{\"{u}}r Informatik, Technische Universit{\"{a}}t M{\"{u}}nchen},
    month = sep,
    organization = {Institut f{\"{u}}r Informatik, Technische Universit{\"{a}}t M{\"{u}}nchen},
    school = {Institut f{\"{u}}r Informatik, Technische Universit{\"{a}}t M{\"{u}}nchen},
    title = {Extension of the Finite Volume Solver SWE towards the Non-Hydrostatic Shallow Water Equations},
    type = {Bachelor's thesis},
    year = {2014},
    URL = {http://www5.in.tum.de/pub/samfass_BA_2014.pdf}
}

@book{griebel,
author = "Griebel, M. and Dornseifer T. and Neunhoeffer T.",
title =  "Numerical Simulation in Fluid Dynamics",
year= "1995",
publisher = "Vieweg"
}
 
@phdthesis{fuchs,
  title={Effiziente parallele Verfahren zur L{\"o}sung verteilter, d{\"u}nnbesetzer Gleichungssysteme eines nichthydrostatischen Tsunamimodells},
  author={Fuchs, Annika},
  year={2013},
  school={Staats-und Universit{\"a}tsbibliothek Bremen}
}

@book{leveque,
  title={Finite Volume Methods for Hyperbolic Problems},
  author={LeVeque, R.J.},
  isbn={9780521009249},
  lccn={2001052642},
  series={Cambridge Texts in Applied Mathematics},
  url={http://books.google.de/books?id=QazcnD7GUoUC},
  year={2002},
  publisher={Cambridge University Press}
}

@book{cui,
  title={A New Numerical Model for Simulating the Propagation of and Inundation by Tsunami Waves},
  author={Cui, Haiyang},
  year={2013},
  publisher={VSSD}
}

@book{toro,
  title={Riemann solvers and numerical methods for fluid dynamics},
  author={Toro, Eleuterio F},
  volume={16},
  year={1999},
  publisher={Springer}
}

@article{horrillo,
  title={Wave dispersion study in the Indian Ocean-Tsunami of December 26, 2004},
  author={Horrillo, Juan and Kowalik, Zygmunt and Shigihara, Yoshinori},
  journal={Marine Geodesy},
  volume={29},
  number={3},
  pages={149--166},
  year={2006},
  publisher={Taylor \& Francis}
}

﻿@article {walters,
author = {Walters, Roy A.},
title = {A semi-implicit finite element model for non-hydrostatic (dispersive) surface waves},
journal = {International Journal for Numerical Methods in Fluids},
volume = {49},
number = {7},
publisher = {John Wiley & Sons, Ltd.},
issn = {1097-0363},
url = {http://dx.doi.org/10.1002/fld.1019},
doi = {10.1002/fld.1019},
pages = {721--737},
keywords = {finite element, finite volume, wave propagation, non-hydrostatic, free surface, tsunami, dispersive waves},
year = {2005},
}

@article{chorin,
  title={Numerical solution of the Navier-Stokes equations},
  author={Chorin, Alexandre Joel},
  journal={Mathematics of computation},
  volume={22},
  number={104},
  pages={745--762},
  year={1968}
}


@book{griebel,
author = "Griebel, Michael and Dornseifer Thomas and Neunhoeffer Tilman",
title =  "Numerical Simulation in Fluid Dynamics",
year= "1995",
publisher = "Vieweg"
}
 
@phdthesis{fuchs,
  title={Effiziente parallele Verfahren zur L{\"o}sung verteilter, d{\"u}nnbesetzer Gleichungssysteme eines nichthydrostatischen Tsunamimodells},
  author={Fuchs, Annika},
  year={2013},
  school={Staats-und Universit{\"a}tsbibliothek Bremen}
}

@book{leveque,
  title={Finite Volume Methods for Hyperbolic Problems},
  author={LeVeque, Randall J.},
  isbn={9780521009249},
  lccn={2001052642},
  series={Cambridge Texts in Applied Mathematics},
  url={http://books.google.de/books?id=QazcnD7GUoUC},
  year={2002},
  publisher={Cambridge University Press}
}

@book{cui,
  title={A New Numerical Model for Simulating the Propagation of and Inundation by Tsunami Waves},
  author={Cui, Haiyang},
  year={2013},
  publisher={VSSD}
}

@book{toro,
  title={Riemann solvers and numerical methods for fluid dynamics},
  author={Toro, Eleuterio F.},
  volume={16},
  year={1999},
  publisher={Springer}
}

@article{horrillo,
  title={Wave dispersion study in the Indian Ocean-Tsunami of December 26, 2004},
  author={Horrillo, Juan and Kowalik, Zygmunt and Shigihara, Yoshinori},
  journal={Marine Geodesy},
  volume={29},
  number={3},
  pages={149--166},
  year={2006},
  publisher={Taylor \& Francis}
}

﻿@article {walters,
author = {Walters, Roy A.},
title = {A semi-implicit finite element model for non-hydrostatic (dispersive) surface waves},
journal = {International Journal for Numerical Methods in Fluids},
volume = {49},
number = {7},
publisher = {John Wiley & Sons, Ltd.},
issn = {1097-0363},
url = {http://dx.doi.org/10.1002/fld.1019},
doi = {10.1002/fld.1019},
pages = {721--737},
keywords = {finite element, finite volume, wave propagation, non-hydrostatic, free surface, tsunami, dispersive waves},
year = {2005},
}

@article{chorin,
  title={Numerical solution of the Navier-Stokes equations},
  author={Chorin, Alexandre Joel},
  journal={Mathematics of computation},
  volume={22},
  number={104},
  pages={745--762},
  year={1968}
}

@Unpublished{mandli,
 author = {Mandli, Kyle T.},
 title = {Derivation of Depth Averaged Flow},
 note  = {Private report}
 }
 
@book{mathematik,
  title={Mathematik},
  author={Arens, Thilo and Hettlich, Frank and Karpfinger, Christian and Kockelkorn, Ulrich and Lichtenegger, Klaus and Stachel, Hellmuth},
  isbn={9783827423474},
  url={http://books.google.de/books?id=17cFkgEACAAJ},
  year={2013},
  publisher={Spektrum Akademischer Verlag}
}
 
@article{stelling2003accurate,
  title={An accurate and efficient finite-difference algorithm for non-hydrostatic free-surface flow with application to wave propagation},
  author={Stelling, Guus and Zijlema, Marcel},
  journal={International Journal for Numerical Methods in Fluids},
  volume={43},
  number={1},
  pages={1--23},
  year={2003},
  publisher={Wiley Online Library}
}

@article{titov1995modeling,
  title={Modeling of breaking and nonbreaking long-wave evolution and runup using VTCS-2},
  author={Titov, Vasily Vladimirovitch and Synolakis, Costas Emmanuel},
  journal={Journal of Waterway, Port, Coastal, and Ocean Engineering},
  volume={121},
  number={6},
  pages={308--316},
  year={1995},
  publisher={American Society of Civil Engineers}
}

@phdthesis{george2006finite,
  title={Finite volume methods and adaptative refinement for tsunami propagation and inundation},
  author={George, David L.},
  year={2006},
  school={University of Washington, USA}
}

@mastersthesis{hoelzl13vectorization,
    author = {H{\"{o}}lzl, Wolfgang},
    institution = {Institut f{\"{u}}r Informatik, Technische Universit{\"{a}}t M{\"{u}}nchen},
    month = jul,
    organization = {Institut f{\"{u}}r Informatik, Technische Universit{\"{a}}t M{\"{u}}nchen},
    school = {Institut f{\"{u}}r Informatik, Technische Universit{\"{a}}t M{\"{u}}nchen},
    title = {Vectorization and GPGPU-Acceleration of an Augmented Riemann Solver for the Shallow Water Equations},
    type = {Bachelor's thesis},
    year = {2013},
    URL = {http://www5.in.tum.de/pub/hoelzl_bsc_2013.pdf}
}

@mastersthesis{breuer11finite-volumen,
    author = {Breuer, Alexander},
    institution = {Fakult{\"{a}}t f{\"{u}}r Mathematik, Technische Universit{\"{a}}t M{\"{u}}nchen},
    month = mar,
    organization = {Fakult{\"{a}}t f{\"{u}}r Mathematik, Technische Universit{\"{a}}t M{\"{u}}nchen},
    school = {Fakult{\"{a}}t f{\"{u}}r Mathematik, Technische Universit{\"{a}}t M{\"{u}}nchen},
    title = {{Finite-Volumen Tsunami-Simulation im Peano-Framework}},
    type = {Diplomarbeit},
    year = {2011},
    URL = {http://www5.in.tum.de/pub/breuer11.pdf}
}

@mastersthesis{george2004numerical,
  title={Numerical approximation of the nonlinear shallow water equations with topography and dry beds: A Godunov-type scheme},
  author={George, David L.},
  year={2004},
  school={University of Washington}
}

@article{george2008augmented,
  title={Augmented Riemann solvers for the shallow water equations over variable topography with steady states and inundation},
  author={George, David L.},
  journal={Journal of Computational Physics},
  volume={227},
  number={6},
  pages={3089--3113},
  year={2008},
  publisher={Elsevier}
}

@misc{tsunami,
title = {{Die Entstehung eines Tsunamis}},
howpublished = {\url{http://www.tsunami-alarm-system.com/phaenomen-tsunami/phaenomen-tsunami-entstehung.html}},
note={\newline Accessed: 2014, July 21\textsuperscript{st}}
}

@misc{tsunami1,
title = {{Zehn Meter hohe Wellen überrollen Japan}},
year={2011},
month={March},
day={11},
howpublished={ \newline \url{http://www.focus.de/panorama/welt/tsunami-in-japan/tsunami-zehn-meter-hohe-wellen-ueberrollen-japan\_aid\_607419.html}},
note={Accessed: 2014, July 21\textsuperscript{st}}
}

@misc{diamond,
title = {Solving the Diamond Problem with Virtual Inheritance},
author={Milea, Andrei},
howpublished="\url{http://www.cprogramming.com/tutorial/virtual\_inheritance.html}",
note={Accessed: 2014, July 31\textsuperscript{st}}
}

@misc{gebco,
title={GEBCO 08 Grid, version 20100927},
howpublished="\url{http://www.gebco.net/data_and_products/gridded_bathymetry_data/}",
note={Accessed: 2014, August 20\textsuperscript{th}}
}

@article{shao2011focal,
  title={Focal mechanism and slip history of the 2011 Mw 9.1 off the Pacific coast of Tohoku Earthquake, constrained with teleseismic body and surface waves},
  author={Shao, Guangfu and Li, Xiangyu and Ji, Chen and Maeda, Takahiro},
  journal={Earth, planets and space},
  volume={63},
  number={7},
  pages={559--564},
  year={2011},
  publisher={Terra Scientific Publishing Company, Tokyo, 2003 Sansei Jiyugaoka Haimu Setagaya-Ku, Tokyo 158-0083 Japan}
}


@inproceedings{breuer2012teaching,
  title={Teaching parallel programming models on a shallow-water code},
  author={Breuer, Alexander and Bader, Michael},
  booktitle={Parallel and Distributed Computing (ISPDC), 2012 11th International Symposium on},
  pages={301--308},
  year={2012},
  organization={IEEE}
}

@article{beji1993experimental,
  title={Experimental investigation of wave propagation over a bar},
  author={Beji, S and Battjes, JA},
  journal={Coastal Engineering},
  volume={19},
  number={1},
  pages={151--162},
  year={1993},
  publisher={Elsevier}
}

@article{meister1999numerik,
  title={{Numerik linearer Gleichungssysteme}},
  author={Meister, Andreas},
  journal={Vieweg, Braunschweig},
  year={1999},
  publisher={Springer}
}

@book{levin2008physics,
  title={Physics of tsunamis},
  author={Levin, Boris and Nosov, Mikhail},
  year={2008},
  publisher={Springer}
}

@article{mori2011survey,
  title={Survey of 2011 Tohoku earthquake tsunami inundation and run-up},
  author={Mori, Nobuhito and Takahashi, Tomoyuki and Yasuda, Tomohiro and Yanagisawa, Hideaki},
  journal={Geophysical Research Letters},
  volume={38},
  number={7},
  year={2011},
  publisher={Wiley Online Library}
}

@book{albring1990angewandte,
  title={Angewandte Str{\"o}mungslehre},
  author={Albring, Werner},
  year={1990},
  publisher={Akademie-Verlag},
  edition={sixth revised}
}


